%---------------------------------------------------------------------------%
%-                                                                         -%
%-                             Bibliography                                -%
%-                                                                         -%
%---------------------------------------------------------------------------%

@article{zhang2016deep,
  title={A deep neural network-driven feature learning method for multi-view facial expression recognition},
  author={Zhang, T. and Zheng, W. and Cui, Z. and Zong, Y. and Yan, J. and Yan, K.},
  journal={IEEE Transactions on Multimedia},
  volume={18},
  number={12},
  pages={2528--2536},
  year={2016}
}

@inproceedings{mollahosseini2016going,
  title={Going deeper in facial expression recognition using deep neural networks},
  author={Mollahosseini, A. and Chan, D. and Mahoor, M. H.},
  booktitle={2016 IEEE Winter conference on applications of computer vision (WACV)},
  pages={1--10},
  year={2016},
  month={March},
  organization={IEEE}
}

@inproceedings{yang2018facial,
  title={Facial expression recognition by de-expression residue learning},
  author={Yang, H. and Ciftci, U. and Yin, L.},
  booktitle={Proceedings of the IEEE conference on computer vision and pattern recognition},
  pages={2168--2177},
  year={2018}
}

@misc{quan2022pytorch,
  author = {腾讯云博客-全栈君},
  title = {PyTorch实现基于卷积神经网络的面部表情识别},
  year = {2022},
  howpublished= {\url{https://cloud.tencent.com/developer/article/2085474}},
}
%---------------------------------------------------------------------------%
